@article{ben2001cavity,
  title={Cavity Flame-Holders for Ignition and Flame Stabilization in Scramjets: an Overview},
  author={Ben-Yakar, Adela and Hanson, Ronald K},
  journal={Journal of Propulsion and Power},
  volume={17},
  number={4},
  pages={869--877},
  year={2001}
}

@article{unalmis2004cavity,
  title={Cavity Oscillation Mechanisms in High-speed Flows},
  author={Unalmis, O Haldun},
  journal={AIAA Journal},
  volume={42},
  number={10},
  pages={2035--2041},
  year={2004}
}

@article{heller1996letter,
  title={Letter to the Editor: Cavity Pressure Oscillations: the Generating Mechanism Visualized},
  author={Heller, H and Delfs, J},
  journal={Journal of Sound and Vibration},
  volume={196},
  number={2},
  pages={248--252},
  year={1996},
  publisher={Elsevier}
}

@article{yilmaz2013investigation,
  title={Investigation of the Effects of Length to Depth Ratio on Open Supersonic Cavities Using CFD and Proper Orthogonal Decomposition},
  author={Yilmaz, Ibrahim and Ayli, Ece and Aradag, Selin},
  journal={The Scientific World Journal},
  volume={2013},
  year={2013},
  publisher={Hindawi Publishing Corporation}
}

@phdthesis{ben2000experimental,
  title={Experimental Investigation of Mixing and Ignition of Transverse Jets in Supersonic Crossflows},
  author={Ben-Yakar, Adela},
  year={2000},
  school={Stanford University}
}

@inproceedings{morris1998shock,
  title={Shock-induced Combustion in High-speed Wedge Flows},
  author={Morris, CI and Kamel, MR and Hanson, RK},
  booktitle={Symposium (International) on Combustion},
  volume={27},
  number={2},
  pages={2157--2164},
  year={1998},
  organization={Elsevier}
}

@phdthesis{do2009plasma,
  title={Plasma-Assisted Combustion in a Supersonic Flow},
  author={Do, Hyungrok},
  year={2009},
  school={Stanford University}
}

@incollection{williams2007supersonic,
  title={Supersonic Cavity Response to Open-loop Forcing},
  author={Williams, David R and Cornelius, Daniel and Rowley, Clarence W},
  booktitle={Active Flow Control},
  pages={230--243},
  year={2007},
  publisher={Springer}
}

@article{jachimowski1988analytical,
  title={An Analytical Study of the Hydrogen-air Reaction Mechanism with Application to Scramjet Combustion},
  author={Jachimowski, Casimir J},
  year={1988}
}

@article{mcgregor1970drag,
  title={Drag of Rectangular Cavities in Supersonic and Transonic Flow Including the Effects of Cavity Resonance},
  author={McGregor, O Wayne and White, RA},
  journal={AIAA Journal},
  volume={8},
  number={11},
  pages={1959--1964},
  year={1970}
}

@article{luo2011drag,
  title={Drag Force Investigation of Cavities with Different Geometric Configurations in Supersonic Flow},
  author={Luo, ShiBin and Huang, Wei and Liu, Jun and Wang, ZhenGuo},
  journal={Science China Technological Sciences},
  volume={54},
  number={5},
  pages={1345--1350},
  year={2011},
  publisher={Springer}
}

@article{sato1999advanced,
  title={Advanced Mixing Control in Supersonic Airstream with a Wall-mounted Cavity},
  author={Sato, N and Imamura, A and Shiba, S and Takahashi, S and Tsue, M and Kono, M},
  journal={Journal of Propulsion and Power},
  volume={15},
  number={2},
  pages={358--360},
  year={1999}
}

@article{lazar2008control,
  title={Control of the Shear Layer Above a Supersonic Cavity using Energy Deposition},
  author={Lazar, Eli and Elliott, Gregory and . Glumac, Nick},
  journal={AIAA journal},
  volume={46},
  number={12},
  pages={2987--2997},
  year={2008}
}


@MastersThesis{Sanzi2016,
author = {Raymond Sanzi III},
title = {Working Title},
school = {Lafayette College},
year = {2016},
OPTtype = {Honors Thesis},

}

@MastersThesis{Hutchens2015,
author = {Helen Hutchens},
title = {Theory, Design, Construction, and Testing of an Expansion Tube},
school = {Lafayette College},
year = {2015},
OPTtype = {Honors Thesis},

}

@Misc{scramjetFig,
	author = {Stanford University},
	note = {[Online; accessed April 26, 2016]},
	url = {https://web.stanford.edu/group/fpc/cgi-bin/fpcwiki/Main/Research},
}

@article{yu1994cavity,
  title={Cavity-actuated Supersonic Mixing and Combustion Control},
  author={Yu, KH and Schadow, KC},
  journal={Combustion and Flame},
  volume={99},
  number={2},
  pages={295--301},
  year={1994},
  publisher={Elsevier}
}

@article{gruber2001fundamental,
  title={Fundamental Studies of Cavity-based Flameholder Concepts for Supersonic Combustors},
  author={Gruber, MR and Baurle, RA and Mathur, T and Hsu, K-Y},
  journal={Journal of Propulsion and Power},
  volume={17},
  number={1},
  pages={146--153},
  year={2001}
}

@book{flower1976experimental,
  title={Experimental Study of Nitric Oxide Hydorgen Reaction Kinetics},
  author={Flower, William L},
  year={1976}
}

@techreport{rossiter1964wind,
  title={Wind Tunnel Experiments on the Flow Over Rectangular Cavities at Subsonic and Transonic Speeds},
  author={Rossiter, JE},
  year={1964},
  institution={Ministry of Aviation; Royal Aircraft Establishment; RAE Farnborough}
}

@misc{hibbelermechanics,
  title={Mechanics of Materials (2013)},
  author={Hibbeler, RC},
  publisher={Prentice Hall, Upper Saddle River}
}

@book{cengel2010fluid,
  title={Fluid mechanics},
  author={Cengel, Yunus A},
  year={2010},
  publisher={Tata McGraw-Hill Education}
}
